@article{nakamoto2008bitcoin,
  title={Bitcoin: A peer-to-peer electronic cash system},
  author={Nakamoto, Satoshi},
  year={2008}
}

@book{antonopoulos2017mastering,
  title={Mastering Bitcoin: Programming the Open Blockchain},
  author={Antonopoulos, Andreas M},
  year={2017},
  publisher={"O'Reilly Media, Inc."}
}

@article{lessThanHalfDraft,
  author    = {Lear Bahack},
  title     = {Theoretical Bitcoin Attacks with less than Half of the Computational
               Power (draft)},
  journal   = {CoRR},
  volume    = {abs/1312.7013},
  year      = {2013},
  url       = {http://arxiv.org/abs/1312.7013},
  archivePrefix = {arXiv},
  eprint    = {1312.7013},
  timestamp = {Wed, 07 Jun 2017 14:42:12 +0200},
  biburl    = {https://dblp.org/rec/bib/journals/corr/Bahack13},
  bibsource = {dblp computer science bibliography, https://dblp.org}
}

@article{DSAwithTime,
title = "Double-spend Attack Models with Time Advantange for Bitcoin",
journal = "Electronic Notes in Theoretical Computer Science",
volume = "329",
pages = "79 - 103",
year = "2016",
note = "CLEI 2016 - The Latin American Computing Conference",
issn = "1571-0661",
doi = "https://doi.org/10.1016/j.entcs.2016.12.006",
url = "http://www.sciencedirect.com/science/article/pii/S157106611630113X",
author = "Carlos Pinz√≥n and Camilo Rocha",
keywords = "Bitcoin, double-spend attack, mathematical model, time-based model, attacker advantage"
}

@article{HBDSA,
  author    = {Meni Rosenfeld},
  title     = {Analysis of Hashrate-Based Double Spending},
  journal   = {CoRR},
  volume    = {abs/1402.2009},
  year      = {2014},
  url       = {http://arxiv.org/abs/1402.2009},
  archivePrefix = {arXiv},
  eprint    = {1402.2009},
  timestamp = {Wed, 07 Jun 2017 14:40:32 +0200},
  biburl    = {https://dblp.org/rec/bib/journals/corr/Rosenfeld14},
  bibsource = {dblp computer science bibliography, https://dblp.org}
}

@article{NakamotoDSACorrection,
  author    = {Cyril Grunspan and
               Ricardo P{\'{e}}rez{-}Marco},
  title     = {Double spend races},
  journal   = {CoRR},
  volume    = {abs/1702.02867},
  year      = {2017},
  url       = {http://arxiv.org/abs/1702.02867},
  archivePrefix = {arXiv},
  eprint    = {1702.02867},
  timestamp = {Wed, 07 Jun 2017 14:40:42 +0200},
  biburl    = {https://dblp.org/rec/bib/journals/corr/GrunspanP17},
  bibsource = {dblp computer science bibliography, https://dblp.org}
}

@article{NakamotoExplMCSim,
  author    = {A. Pinar Ozisik and
               Brian Neil Levine},
  title     = {An Explanation of Nakamoto's Analysis of Double-spend Attacks},
  journal   = {CoRR},
  volume    = {abs/1701.03977},
  year      = {2017},
  url       = {http://arxiv.org/abs/1701.03977},
  archivePrefix = {arXiv},
  eprint    = {1701.03977},
  timestamp = {Wed, 07 Jun 2017 14:40:13 +0200},
  biburl    = {https://dblp.org/rec/bib/journals/corr/OzisikL17},
  bibsource = {dblp computer science bibliography, https://dblp.org}
}

@article{gamblersruin,
 ISSN = {0003486X},
 URL = {http://www.jstor.org/stable/1967408},
 author = {J. L. Coolidge},
 journal = {Annals of Mathematics},
 number = {4},
 pages = {181--192},
 publisher = {Annals of Mathematics},
 title = {The Gambler's Ruin},
 volume = {10},
 year = {1909}
}

@book{montecarlo,
  title={Monte carlo simulation},
  author={Mooney, Christopher Z},
  volume={116},
  year={1997},
  publisher={Sage Publications}
}

@phdthesis{mwalemodel,
  title={Modelling the dynamics of the bitcoin blockchain},
  author={Mwale, Mabvuto},
  year={2016},
  school={Stellenbosch: Stellenbosch University}
}